%YAML 1.1
%TAG !u! tag:unity3d.com,2011:
--- !u!114 &-8999217740858193337
MonoBehaviour:
  m_ObjectHideFlags: 0
  m_CorrespondingSourceObject: {fileID: 0}
  m_PrefabInstance: {fileID: 0}
  m_PrefabAsset: {fileID: 0}
  m_GameObject: {fileID: 0}
  m_Enabled: 1
  m_EditorHideFlags: 0
  m_Script: {fileID: 11500000, guid: 986976f5717676c4d827ce96b22633ee, type: 3}
  m_Name: RoomNode
  m_EditorClassIdentifier: 
  id: e7b99fd943271494b9cfcce61149f3b9
  parentRoomNodeIDList:
  - 9c6a5163a06fac14eb5e27c91bd8547b
  childRoomNodeIDList:
  - 6a4e8700fcb8ff841ade1744e31ce0df
  roomNodeGraph: {fileID: 11400000}
  roomNodeType: {fileID: 11400000, guid: 4543549b8dc69204b96d4d18ca8277cb, type: 2}
  roomNodeTypeList: {fileID: 11400000, guid: ccfbe950429ce494ba199fb4304b773d, type: 2}
  mRect:
    serializedVersion: 2
    x: 450
    y: 689
    width: 160
    height: 70
  isSelected: 0
  isLeftClickDragging: 0
--- !u!114 &-7437572332210687944
MonoBehaviour:
  m_ObjectHideFlags: 0
  m_CorrespondingSourceObject: {fileID: 0}
  m_PrefabInstance: {fileID: 0}
  m_PrefabAsset: {fileID: 0}
  m_GameObject: {fileID: 0}
  m_Enabled: 1
  m_EditorHideFlags: 0
  m_Script: {fileID: 11500000, guid: 986976f5717676c4d827ce96b22633ee, type: 3}
  m_Name: RoomNode
  m_EditorClassIdentifier: 
  id: 69865fc156d59764ea0da13e87f30b76
  parentRoomNodeIDList:
  - 4ade0f9163174214b80f439fa5210437
  childRoomNodeIDList: []
  roomNodeGraph: {fileID: 11400000}
  roomNodeType: {fileID: 11400000, guid: d3b43ba1d685ee14a9eaac978199ae15, type: 2}
  roomNodeTypeList: {fileID: 11400000, guid: ccfbe950429ce494ba199fb4304b773d, type: 2}
  mRect:
    serializedVersion: 2
    x: 692
    y: 421
    width: 160
    height: 70
  isSelected: 0
  isLeftClickDragging: 0
--- !u!114 &-5322828870622979804
MonoBehaviour:
  m_ObjectHideFlags: 0
  m_CorrespondingSourceObject: {fileID: 0}
  m_PrefabInstance: {fileID: 0}
  m_PrefabAsset: {fileID: 0}
  m_GameObject: {fileID: 0}
  m_Enabled: 1
  m_EditorHideFlags: 0
  m_Script: {fileID: 11500000, guid: 986976f5717676c4d827ce96b22633ee, type: 3}
  m_Name: RoomNode
  m_EditorClassIdentifier: 
  id: 4ade0f9163174214b80f439fa5210437
  parentRoomNodeIDList:
  - 52f38c7b5a6deb242ab5188e9db16765
  childRoomNodeIDList:
  - 69865fc156d59764ea0da13e87f30b76
  roomNodeGraph: {fileID: 11400000}
  roomNodeType: {fileID: 11400000, guid: 0730caf37b98286419b939f74218c9b1, type: 2}
  roomNodeTypeList: {fileID: 11400000, guid: ccfbe950429ce494ba199fb4304b773d, type: 2}
  mRect:
    serializedVersion: 2
    x: 699
    y: 294
    width: 160
    height: 70
  isSelected: 0
  isLeftClickDragging: 0
--- !u!114 &-2223816040265542981
MonoBehaviour:
  m_ObjectHideFlags: 0
  m_CorrespondingSourceObject: {fileID: 0}
  m_PrefabInstance: {fileID: 0}
  m_PrefabAsset: {fileID: 0}
  m_GameObject: {fileID: 0}
  m_Enabled: 1
  m_EditorHideFlags: 0
  m_Script: {fileID: 11500000, guid: 986976f5717676c4d827ce96b22633ee, type: 3}
  m_Name: RoomNode
  m_EditorClassIdentifier: 
  id: 9c6a5163a06fac14eb5e27c91bd8547b
  parentRoomNodeIDList:
  - 0b7aff71f53c96747b1ffbdaacf35d23
  childRoomNodeIDList:
  - e7b99fd943271494b9cfcce61149f3b9
  roomNodeGraph: {fileID: 11400000}
  roomNodeType: {fileID: 11400000, guid: 0730caf37b98286419b939f74218c9b1, type: 2}
  roomNodeTypeList: {fileID: 11400000, guid: ccfbe950429ce494ba199fb4304b773d, type: 2}
  mRect:
    serializedVersion: 2
    x: 202
    y: 685
    width: 160
    height: 70
  isSelected: 0
  isLeftClickDragging: 0
--- !u!114 &-149288491107025472
MonoBehaviour:
  m_ObjectHideFlags: 0
  m_CorrespondingSourceObject: {fileID: 0}
  m_PrefabInstance: {fileID: 0}
  m_PrefabAsset: {fileID: 0}
  m_GameObject: {fileID: 0}
  m_Enabled: 1
  m_EditorHideFlags: 0
  m_Script: {fileID: 11500000, guid: 986976f5717676c4d827ce96b22633ee, type: 3}
  m_Name: RoomNode
  m_EditorClassIdentifier: 
  id: 6a4e8700fcb8ff841ade1744e31ce0df
  parentRoomNodeIDList:
  - e7b99fd943271494b9cfcce61149f3b9
  childRoomNodeIDList:
  - 249b40d647c95984eb72c8d1e563c443
  roomNodeGraph: {fileID: 11400000}
  roomNodeType: {fileID: 11400000, guid: 0730caf37b98286419b939f74218c9b1, type: 2}
  roomNodeTypeList: {fileID: 11400000, guid: ccfbe950429ce494ba199fb4304b773d, type: 2}
  mRect:
    serializedVersion: 2
    x: 460
    y: 550
    width: 160
    height: 70
  isSelected: 0
  isLeftClickDragging: 0
--- !u!114 &-113282582182426921
MonoBehaviour:
  m_ObjectHideFlags: 0
  m_CorrespondingSourceObject: {fileID: 0}
  m_PrefabInstance: {fileID: 0}
  m_PrefabAsset: {fileID: 0}
  m_GameObject: {fileID: 0}
  m_Enabled: 1
  m_EditorHideFlags: 0
  m_Script: {fileID: 11500000, guid: 986976f5717676c4d827ce96b22633ee, type: 3}
  m_Name: RoomNode
  m_EditorClassIdentifier: 
  id: da55d3c92b71d914f8ac58e77b28446c
  parentRoomNodeIDList:
  - 79dd3ddddb527f446b9569a5d26e0bd2
  childRoomNodeIDList: []
  roomNodeGraph: {fileID: 11400000}
  roomNodeType: {fileID: 11400000, guid: 4543549b8dc69204b96d4d18ca8277cb, type: 2}
  roomNodeTypeList: {fileID: 11400000, guid: ccfbe950429ce494ba199fb4304b773d, type: 2}
  mRect:
    serializedVersion: 2
    x: 446
    y: 38
    width: 160
    height: 70
  isSelected: 0
  isLeftClickDragging: 0
--- !u!114 &11400000
MonoBehaviour:
  m_ObjectHideFlags: 0
  m_CorrespondingSourceObject: {fileID: 0}
  m_PrefabInstance: {fileID: 0}
  m_PrefabAsset: {fileID: 0}
  m_GameObject: {fileID: 0}
  m_Enabled: 1
  m_EditorHideFlags: 0
  m_Script: {fileID: 11500000, guid: dd39e2de3dfd99a42ba8910c087f927a, type: 3}
  m_Name: Level_1_2
  m_EditorClassIdentifier: 
  roomNodeTypeList: {fileID: 11400000, guid: ccfbe950429ce494ba199fb4304b773d, type: 2}
  roomNodeList:
  - {fileID: 696280286786194521}
  - {fileID: 5571297785993335899}
  - {fileID: 4523656395755376875}
  - {fileID: 5152070525934008428}
  - {fileID: 6319082969973174319}
  - {fileID: 4003861920343599852}
  - {fileID: 2359348694077614771}
  - {fileID: -113282582182426921}
  - {fileID: -8999217740858193337}
  - {fileID: -2223816040265542981}
  - {fileID: -149288491107025472}
  - {fileID: -7437572332210687944}
  - {fileID: -5322828870622979804}
  lineFRoomNodeSo: {fileID: 0}
  lineStartPoint: {x: 0, y: 0}
--- !u!114 &696280286786194521
MonoBehaviour:
  m_ObjectHideFlags: 0
  m_CorrespondingSourceObject: {fileID: 0}
  m_PrefabInstance: {fileID: 0}
  m_PrefabAsset: {fileID: 0}
  m_GameObject: {fileID: 0}
  m_Enabled: 1
  m_EditorHideFlags: 0
  m_Script: {fileID: 11500000, guid: 986976f5717676c4d827ce96b22633ee, type: 3}
  m_Name: RoomNode
  m_EditorClassIdentifier: 
  id: 15a9615ae44f9e04ab2b896d63cfe80a
  parentRoomNodeIDList: []
  childRoomNodeIDList:
  - 79dd3ddddb527f446b9569a5d26e0bd2
  - 2ab746e08c1aeba4fb012d494c39314e
  - 88d13c16d30045f4aa36edc301822853
  roomNodeGraph: {fileID: 11400000}
  roomNodeType: {fileID: 11400000, guid: 0c5c5be768083ea41a84038e67253f0c, type: 2}
  roomNodeTypeList: {fileID: 11400000, guid: ccfbe950429ce494ba199fb4304b773d, type: 2}
  mRect:
    serializedVersion: 2
    x: 203
    y: 201
    width: 160
    height: 70
  isSelected: 0
  isLeftClickDragging: 0
--- !u!114 &2359348694077614771
MonoBehaviour:
  m_ObjectHideFlags: 0
  m_CorrespondingSourceObject: {fileID: 0}
  m_PrefabInstance: {fileID: 0}
  m_PrefabAsset: {fileID: 0}
  m_GameObject: {fileID: 0}
  m_Enabled: 1
  m_EditorHideFlags: 0
  m_Script: {fileID: 11500000, guid: 986976f5717676c4d827ce96b22633ee, type: 3}
  m_Name: RoomNode
  m_EditorClassIdentifier: 
  id: 0b7aff71f53c96747b1ffbdaacf35d23
  parentRoomNodeIDList:
  - 88d13c16d30045f4aa36edc301822853
  childRoomNodeIDList:
  - 9c6a5163a06fac14eb5e27c91bd8547b
  roomNodeGraph: {fileID: 11400000}
  roomNodeType: {fileID: 11400000, guid: cd71c6c2c067cc84098918074831943b, type: 2}
  roomNodeTypeList: {fileID: 11400000, guid: ccfbe950429ce494ba199fb4304b773d, type: 2}
  mRect:
    serializedVersion: 2
    x: 208
    y: 571
    width: 160
    height: 70
  isSelected: 0
  isLeftClickDragging: 0
--- !u!114 &4003861920343599852
MonoBehaviour:
  m_ObjectHideFlags: 0
  m_CorrespondingSourceObject: {fileID: 0}
  m_PrefabInstance: {fileID: 0}
  m_PrefabAsset: {fileID: 0}
  m_GameObject: {fileID: 0}
  m_Enabled: 1
  m_EditorHideFlags: 0
  m_Script: {fileID: 11500000, guid: 986976f5717676c4d827ce96b22633ee, type: 3}
  m_Name: RoomNode
  m_EditorClassIdentifier: 
  id: 52f38c7b5a6deb242ab5188e9db16765
  parentRoomNodeIDList:
  - 2ab746e08c1aeba4fb012d494c39314e
  childRoomNodeIDList:
  - 4ade0f9163174214b80f439fa5210437
  roomNodeGraph: {fileID: 11400000}
  roomNodeType: {fileID: 11400000, guid: 09ade2db1c185334fb767523a93bddcc, type: 2}
  roomNodeTypeList: {fileID: 11400000, guid: ccfbe950429ce494ba199fb4304b773d, type: 2}
  mRect:
    serializedVersion: 2
    x: 676
    y: 184
    width: 160
    height: 70
  isSelected: 0
  isLeftClickDragging: 0
--- !u!114 &4523656395755376875
MonoBehaviour:
  m_ObjectHideFlags: 0
  m_CorrespondingSourceObject: {fileID: 0}
  m_PrefabInstance: {fileID: 0}
  m_PrefabAsset: {fileID: 0}
  m_GameObject: {fileID: 0}
  m_Enabled: 1
  m_EditorHideFlags: 0
  m_Script: {fileID: 11500000, guid: 986976f5717676c4d827ce96b22633ee, type: 3}
  m_Name: RoomNode
  m_EditorClassIdentifier: 
  id: 79dd3ddddb527f446b9569a5d26e0bd2
  parentRoomNodeIDList:
  - 15a9615ae44f9e04ab2b896d63cfe80a
  childRoomNodeIDList:
  - da55d3c92b71d914f8ac58e77b28446c
  roomNodeGraph: {fileID: 11400000}
  roomNodeType: {fileID: 11400000, guid: 0730caf37b98286419b939f74218c9b1, type: 2}
  roomNodeTypeList: {fileID: 11400000, guid: ccfbe950429ce494ba199fb4304b773d, type: 2}
  mRect:
    serializedVersion: 2
    x: 193
    y: 43
    width: 160
    height: 70
  isSelected: 0
  isLeftClickDragging: 0
--- !u!114 &5152070525934008428
MonoBehaviour:
  m_ObjectHideFlags: 0
  m_CorrespondingSourceObject: {fileID: 0}
  m_PrefabInstance: {fileID: 0}
  m_PrefabAsset: {fileID: 0}
  m_GameObject: {fileID: 0}
  m_Enabled: 1
  m_EditorHideFlags: 0
  m_Script: {fileID: 11500000, guid: 986976f5717676c4d827ce96b22633ee, type: 3}
  m_Name: RoomNode
  m_EditorClassIdentifier: 
  id: 2ab746e08c1aeba4fb012d494c39314e
  parentRoomNodeIDList:
  - 15a9615ae44f9e04ab2b896d63cfe80a
  childRoomNodeIDList:
  - 52f38c7b5a6deb242ab5188e9db16765
  roomNodeGraph: {fileID: 11400000}
  roomNodeType: {fileID: 11400000, guid: 0730caf37b98286419b939f74218c9b1, type: 2}
  roomNodeTypeList: {fileID: 11400000, guid: ccfbe950429ce494ba199fb4304b773d, type: 2}
  mRect:
    serializedVersion: 2
    x: 418
    y: 204
    width: 160
    height: 70
  isSelected: 0
  isLeftClickDragging: 0
--- !u!114 &5571297785993335899
MonoBehaviour:
  m_ObjectHideFlags: 0
  m_CorrespondingSourceObject: {fileID: 0}
  m_PrefabInstance: {fileID: 0}
  m_PrefabAsset: {fileID: 0}
  m_GameObject: {fileID: 0}
  m_Enabled: 1
  m_EditorHideFlags: 0
  m_Script: {fileID: 11500000, guid: 986976f5717676c4d827ce96b22633ee, type: 3}
  m_Name: RoomNode
  m_EditorClassIdentifier: 
  id: 249b40d647c95984eb72c8d1e563c443
  parentRoomNodeIDList:
  - 6a4e8700fcb8ff841ade1744e31ce0df
  childRoomNodeIDList: []
  roomNodeGraph: {fileID: 11400000}
  roomNodeType: {fileID: 11400000, guid: 90f638ece9edd4c4fa14618c2f4a1160, type: 2}
  roomNodeTypeList: {fileID: 11400000, guid: ccfbe950429ce494ba199fb4304b773d, type: 2}
  mRect:
    serializedVersion: 2
    x: 448
    y: 371
    width: 160
    height: 70
  isSelected: 0
  isLeftClickDragging: 0
--- !u!114 &6319082969973174319
MonoBehaviour:
  m_ObjectHideFlags: 0
  m_CorrespondingSourceObject: {fileID: 0}
  m_PrefabInstance: {fileID: 0}
  m_PrefabAsset: {fileID: 0}
  m_GameObject: {fileID: 0}
  m_Enabled: 1
  m_EditorHideFlags: 0
  m_Script: {fileID: 11500000, guid: 986976f5717676c4d827ce96b22633ee, type: 3}
  m_Name: RoomNode
  m_EditorClassIdentifier: 
  id: 88d13c16d30045f4aa36edc301822853
  parentRoomNodeIDList:
  - 15a9615ae44f9e04ab2b896d63cfe80a
  childRoomNodeIDList:
  - 0b7aff71f53c96747b1ffbdaacf35d23
  roomNodeGraph: {fileID: 11400000}
  roomNodeType: {fileID: 11400000, guid: 0730caf37b98286419b939f74218c9b1, type: 2}
  roomNodeTypeList: {fileID: 11400000, guid: ccfbe950429ce494ba199fb4304b773d, type: 2}
  mRect:
    serializedVersion: 2
    x: 198
    y: 456
    width: 160
    height: 70
  isSelected: 0
  isLeftClickDragging: 0
