%YAML 1.1
%TAG !u! tag:unity3d.com,2011:
--- !u!114 &-7003463981340973008
MonoBehaviour:
  m_ObjectHideFlags: 0
  m_CorrespondingSourceObject: {fileID: 0}
  m_PrefabInstance: {fileID: 0}
  m_PrefabAsset: {fileID: 0}
  m_GameObject: {fileID: 0}
  m_Enabled: 1
  m_EditorHideFlags: 0
  m_Script: {fileID: 11500000, guid: 986976f5717676c4d827ce96b22633ee, type: 3}
  m_Name: RoomNode
  m_EditorClassIdentifier: 
  id: 87a7f6a6e022fde4abd5feac37fe209c
  parentRoomNodeIDList:
  - a5ade23e9f9f60945863a294ec5fc06c
  childRoomNodeIDList:
  - 380fd5b5ae2497e40ae2becedcd46a9a
  - 23c565fbf5324a5488239e8452753da0
  roomNodeGraph: {fileID: 11400000}
  roomNodeType: {fileID: 11400000, guid: cd71c6c2c067cc84098918074831943b, type: 2}
  roomNodeTypeList: {fileID: 11400000, guid: ccfbe950429ce494ba199fb4304b773d, type: 2}
  mRect:
    serializedVersion: 2
    x: 484
    y: 293
    width: 160
    height: 70
  isSelected: 0
  isLeftClickDragging: 0
--- !u!114 &-5317136630685470390
MonoBehaviour:
  m_ObjectHideFlags: 0
  m_CorrespondingSourceObject: {fileID: 0}
  m_PrefabInstance: {fileID: 0}
  m_PrefabAsset: {fileID: 0}
  m_GameObject: {fileID: 0}
  m_Enabled: 1
  m_EditorHideFlags: 0
  m_Script: {fileID: 11500000, guid: 986976f5717676c4d827ce96b22633ee, type: 3}
  m_Name: RoomNode
  m_EditorClassIdentifier: 
  id: 2748b79a23519e344939b6c9faa98cda
  parentRoomNodeIDList:
  - 0a42762a7115c554dbfce3a5b687782d
  childRoomNodeIDList:
  - 3d424bfb348ccd84e83e247039603be9
  roomNodeGraph: {fileID: 11400000}
  roomNodeType: {fileID: 11400000, guid: 0730caf37b98286419b939f74218c9b1, type: 2}
  roomNodeTypeList: {fileID: 11400000, guid: ccfbe950429ce494ba199fb4304b773d, type: 2}
  mRect:
    serializedVersion: 2
    x: 824
    y: 280
    width: 160
    height: 70
  isSelected: 0
  isLeftClickDragging: 0
--- !u!114 &-4358971728813661528
MonoBehaviour:
  m_ObjectHideFlags: 0
  m_CorrespondingSourceObject: {fileID: 0}
  m_PrefabInstance: {fileID: 0}
  m_PrefabAsset: {fileID: 0}
  m_GameObject: {fileID: 0}
  m_Enabled: 1
  m_EditorHideFlags: 0
  m_Script: {fileID: 11500000, guid: 986976f5717676c4d827ce96b22633ee, type: 3}
  m_Name: RoomNode
  m_EditorClassIdentifier: 
  id: 46711eaddab3997468c328f80e6af105
  parentRoomNodeIDList:
  - 8e31dff81d025804e878a313a9081226
  childRoomNodeIDList: []
  roomNodeGraph: {fileID: 11400000}
  roomNodeType: {fileID: 11400000, guid: 09ade2db1c185334fb767523a93bddcc, type: 2}
  roomNodeTypeList: {fileID: 11400000, guid: ccfbe950429ce494ba199fb4304b773d, type: 2}
  mRect:
    serializedVersion: 2
    x: 1019
    y: 185
    width: 160
    height: 70
  isSelected: 0
  isLeftClickDragging: 0
--- !u!114 &-1462006912344524345
MonoBehaviour:
  m_ObjectHideFlags: 0
  m_CorrespondingSourceObject: {fileID: 0}
  m_PrefabInstance: {fileID: 0}
  m_PrefabAsset: {fileID: 0}
  m_GameObject: {fileID: 0}
  m_Enabled: 1
  m_EditorHideFlags: 0
  m_Script: {fileID: 11500000, guid: 986976f5717676c4d827ce96b22633ee, type: 3}
  m_Name: RoomNode
  m_EditorClassIdentifier: 
  id: 0eb473688dc1f144bbcd6bd8c135552d
  parentRoomNodeIDList:
  - 37141220a9537994a92db973355ebbb7
  childRoomNodeIDList:
  - fa5d1d38006568f40972347727505660
  roomNodeGraph: {fileID: 11400000}
  roomNodeType: {fileID: 11400000, guid: 0730caf37b98286419b939f74218c9b1, type: 2}
  roomNodeTypeList: {fileID: 11400000, guid: ccfbe950429ce494ba199fb4304b773d, type: 2}
  mRect:
    serializedVersion: 2
    x: 798
    y: 680
    width: 160
    height: 70
  isSelected: 0
  isLeftClickDragging: 0
--- !u!114 &-705878125472577582
MonoBehaviour:
  m_ObjectHideFlags: 0
  m_CorrespondingSourceObject: {fileID: 0}
  m_PrefabInstance: {fileID: 0}
  m_PrefabAsset: {fileID: 0}
  m_GameObject: {fileID: 0}
  m_Enabled: 1
  m_EditorHideFlags: 0
  m_Script: {fileID: 11500000, guid: 986976f5717676c4d827ce96b22633ee, type: 3}
  m_Name: RoomNode
  m_EditorClassIdentifier: 
  id: 8e31dff81d025804e878a313a9081226
  parentRoomNodeIDList:
  - 7e4f9ca4da9e82e46b04365464c6a71d
  childRoomNodeIDList:
  - 46711eaddab3997468c328f80e6af105
  roomNodeGraph: {fileID: 11400000}
  roomNodeType: {fileID: 11400000, guid: 0730caf37b98286419b939f74218c9b1, type: 2}
  roomNodeTypeList: {fileID: 11400000, guid: ccfbe950429ce494ba199fb4304b773d, type: 2}
  mRect:
    serializedVersion: 2
    x: 771
    y: 65
    width: 160
    height: 70
  isSelected: 0
  isLeftClickDragging: 0
--- !u!114 &11400000
MonoBehaviour:
  m_ObjectHideFlags: 0
  m_CorrespondingSourceObject: {fileID: 0}
  m_PrefabInstance: {fileID: 0}
  m_PrefabAsset: {fileID: 0}
  m_GameObject: {fileID: 0}
  m_Enabled: 1
  m_EditorHideFlags: 0
  m_Script: {fileID: 11500000, guid: dd39e2de3dfd99a42ba8910c087f927a, type: 3}
  m_Name: Level2_1
  m_EditorClassIdentifier: 
  roomNodeTypeList: {fileID: 11400000, guid: ccfbe950429ce494ba199fb4304b773d, type: 2}
  roomNodeList:
  - {fileID: 4389603592615835282}
  - {fileID: 2518224370978448679}
  - {fileID: 1980648555582494400}
  - {fileID: 2793941962188428145}
  - {fileID: 2787346409381013241}
  - {fileID: 4227136496998793906}
  - {fileID: 4578032862830997163}
  - {fileID: -7003463981340973008}
  - {fileID: 5177949623391541490}
  - {fileID: 2375059051952933344}
  - {fileID: 7427652885808839888}
  - {fileID: 4182228370482073564}
  - {fileID: -1462006912344524345}
  - {fileID: -705878125472577582}
  - {fileID: -4358971728813661528}
  - {fileID: 349438461920742172}
  - {fileID: -5317136630685470390}
  lineFRoomNodeSo: {fileID: 0}
  lineStartPoint: {x: 0, y: 0}
--- !u!114 &349438461920742172
MonoBehaviour:
  m_ObjectHideFlags: 0
  m_CorrespondingSourceObject: {fileID: 0}
  m_PrefabInstance: {fileID: 0}
  m_PrefabAsset: {fileID: 0}
  m_GameObject: {fileID: 0}
  m_Enabled: 1
  m_EditorHideFlags: 0
  m_Script: {fileID: 11500000, guid: 986976f5717676c4d827ce96b22633ee, type: 3}
  m_Name: RoomNode
  m_EditorClassIdentifier: 
  id: 3d424bfb348ccd84e83e247039603be9
  parentRoomNodeIDList:
  - 2748b79a23519e344939b6c9faa98cda
  childRoomNodeIDList: []
  roomNodeGraph: {fileID: 11400000}
  roomNodeType: {fileID: 11400000, guid: d3b43ba1d685ee14a9eaac978199ae15, type: 2}
  roomNodeTypeList: {fileID: 11400000, guid: ccfbe950429ce494ba199fb4304b773d, type: 2}
  mRect:
    serializedVersion: 2
    x: 1015
    y: 427
    width: 160
    height: 70
  isSelected: 0
  isLeftClickDragging: 0
--- !u!114 &1980648555582494400
MonoBehaviour:
  m_ObjectHideFlags: 0
  m_CorrespondingSourceObject: {fileID: 0}
  m_PrefabInstance: {fileID: 0}
  m_PrefabAsset: {fileID: 0}
  m_GameObject: {fileID: 0}
  m_Enabled: 1
  m_EditorHideFlags: 0
  m_Script: {fileID: 11500000, guid: 986976f5717676c4d827ce96b22633ee, type: 3}
  m_Name: RoomNode
  m_EditorClassIdentifier: 
  id: 0d70bcaf4ca7d0a42bcd8b5ff94623fa
  parentRoomNodeIDList:
  - 984325acc346e2948a86e81bafd3abb8
  childRoomNodeIDList:
  - 7e4f9ca4da9e82e46b04365464c6a71d
  roomNodeGraph: {fileID: 11400000}
  roomNodeType: {fileID: 11400000, guid: 0730caf37b98286419b939f74218c9b1, type: 2}
  roomNodeTypeList: {fileID: 11400000, guid: ccfbe950429ce494ba199fb4304b773d, type: 2}
  mRect:
    serializedVersion: 2
    x: 131
    y: 29
    width: 160
    height: 70
  isSelected: 0
  isLeftClickDragging: 0
--- !u!114 &2375059051952933344
MonoBehaviour:
  m_ObjectHideFlags: 0
  m_CorrespondingSourceObject: {fileID: 0}
  m_PrefabInstance: {fileID: 0}
  m_PrefabAsset: {fileID: 0}
  m_GameObject: {fileID: 0}
  m_Enabled: 1
  m_EditorHideFlags: 0
  m_Script: {fileID: 11500000, guid: 986976f5717676c4d827ce96b22633ee, type: 3}
  m_Name: RoomNode
  m_EditorClassIdentifier: 
  id: 7e4f9ca4da9e82e46b04365464c6a71d
  parentRoomNodeIDList:
  - 0d70bcaf4ca7d0a42bcd8b5ff94623fa
  childRoomNodeIDList:
  - 8e31dff81d025804e878a313a9081226
  roomNodeGraph: {fileID: 11400000}
  roomNodeType: {fileID: 11400000, guid: cd71c6c2c067cc84098918074831943b, type: 2}
  roomNodeTypeList: {fileID: 11400000, guid: ccfbe950429ce494ba199fb4304b773d, type: 2}
  mRect:
    serializedVersion: 2
    x: 447
    y: 34
    width: 160
    height: 70
  isSelected: 0
  isLeftClickDragging: 0
--- !u!114 &2518224370978448679
MonoBehaviour:
  m_ObjectHideFlags: 0
  m_CorrespondingSourceObject: {fileID: 0}
  m_PrefabInstance: {fileID: 0}
  m_PrefabAsset: {fileID: 0}
  m_GameObject: {fileID: 0}
  m_Enabled: 1
  m_EditorHideFlags: 0
  m_Script: {fileID: 11500000, guid: 986976f5717676c4d827ce96b22633ee, type: 3}
  m_Name: RoomNode
  m_EditorClassIdentifier: 
  id: df91b203bf8c24245af2814dbadefbdd
  parentRoomNodeIDList:
  - 380fd5b5ae2497e40ae2becedcd46a9a
  childRoomNodeIDList: []
  roomNodeGraph: {fileID: 11400000}
  roomNodeType: {fileID: 11400000, guid: 4543549b8dc69204b96d4d18ca8277cb, type: 2}
  roomNodeTypeList: {fileID: 11400000, guid: ccfbe950429ce494ba199fb4304b773d, type: 2}
  mRect:
    serializedVersion: 2
    x: 119
    y: 449
    width: 160
    height: 70
  isSelected: 0
  isLeftClickDragging: 0
--- !u!114 &2787346409381013241
MonoBehaviour:
  m_ObjectHideFlags: 0
  m_CorrespondingSourceObject: {fileID: 0}
  m_PrefabInstance: {fileID: 0}
  m_PrefabAsset: {fileID: 0}
  m_GameObject: {fileID: 0}
  m_Enabled: 1
  m_EditorHideFlags: 0
  m_Script: {fileID: 11500000, guid: 986976f5717676c4d827ce96b22633ee, type: 3}
  m_Name: RoomNode
  m_EditorClassIdentifier: 
  id: a5ade23e9f9f60945863a294ec5fc06c
  parentRoomNodeIDList:
  - 984325acc346e2948a86e81bafd3abb8
  childRoomNodeIDList:
  - 87a7f6a6e022fde4abd5feac37fe209c
  roomNodeGraph: {fileID: 11400000}
  roomNodeType: {fileID: 11400000, guid: 0730caf37b98286419b939f74218c9b1, type: 2}
  roomNodeTypeList: {fileID: 11400000, guid: ccfbe950429ce494ba199fb4304b773d, type: 2}
  mRect:
    serializedVersion: 2
    x: 134
    y: 310
    width: 160
    height: 70
  isSelected: 0
  isLeftClickDragging: 0
--- !u!114 &2793941962188428145
MonoBehaviour:
  m_ObjectHideFlags: 0
  m_CorrespondingSourceObject: {fileID: 0}
  m_PrefabInstance: {fileID: 0}
  m_PrefabAsset: {fileID: 0}
  m_GameObject: {fileID: 0}
  m_Enabled: 1
  m_EditorHideFlags: 0
  m_Script: {fileID: 11500000, guid: 986976f5717676c4d827ce96b22633ee, type: 3}
  m_Name: RoomNode
  m_EditorClassIdentifier: 
  id: f08d39e1df596eb4088da26095027f7b
  parentRoomNodeIDList:
  - 984325acc346e2948a86e81bafd3abb8
  childRoomNodeIDList:
  - 0a42762a7115c554dbfce3a5b687782d
  roomNodeGraph: {fileID: 11400000}
  roomNodeType: {fileID: 11400000, guid: 0730caf37b98286419b939f74218c9b1, type: 2}
  roomNodeTypeList: {fileID: 11400000, guid: ccfbe950429ce494ba199fb4304b773d, type: 2}
  mRect:
    serializedVersion: 2
    x: 409
    y: 171
    width: 160
    height: 70
  isSelected: 0
  isLeftClickDragging: 0
--- !u!114 &4182228370482073564
MonoBehaviour:
  m_ObjectHideFlags: 0
  m_CorrespondingSourceObject: {fileID: 0}
  m_PrefabInstance: {fileID: 0}
  m_PrefabAsset: {fileID: 0}
  m_GameObject: {fileID: 0}
  m_Enabled: 1
  m_EditorHideFlags: 0
  m_Script: {fileID: 11500000, guid: 986976f5717676c4d827ce96b22633ee, type: 3}
  m_Name: RoomNode
  m_EditorClassIdentifier: 
  id: fa5d1d38006568f40972347727505660
  parentRoomNodeIDList:
  - 0eb473688dc1f144bbcd6bd8c135552d
  childRoomNodeIDList: []
  roomNodeGraph: {fileID: 11400000}
  roomNodeType: {fileID: 11400000, guid: 90f638ece9edd4c4fa14618c2f4a1160, type: 2}
  roomNodeTypeList: {fileID: 11400000, guid: ccfbe950429ce494ba199fb4304b773d, type: 2}
  mRect:
    serializedVersion: 2
    x: 533
    y: 658
    width: 160
    height: 70
  isSelected: 0
  isLeftClickDragging: 0
--- !u!114 &4227136496998793906
MonoBehaviour:
  m_ObjectHideFlags: 0
  m_CorrespondingSourceObject: {fileID: 0}
  m_PrefabInstance: {fileID: 0}
  m_PrefabAsset: {fileID: 0}
  m_GameObject: {fileID: 0}
  m_Enabled: 1
  m_EditorHideFlags: 0
  m_Script: {fileID: 11500000, guid: 986976f5717676c4d827ce96b22633ee, type: 3}
  m_Name: RoomNode
  m_EditorClassIdentifier: 
  id: 380fd5b5ae2497e40ae2becedcd46a9a
  parentRoomNodeIDList:
  - 87a7f6a6e022fde4abd5feac37fe209c
  childRoomNodeIDList:
  - df91b203bf8c24245af2814dbadefbdd
  roomNodeGraph: {fileID: 11400000}
  roomNodeType: {fileID: 11400000, guid: 0730caf37b98286419b939f74218c9b1, type: 2}
  roomNodeTypeList: {fileID: 11400000, guid: ccfbe950429ce494ba199fb4304b773d, type: 2}
  mRect:
    serializedVersion: 2
    x: 389
    y: 464
    width: 160
    height: 70
  isSelected: 0
  isLeftClickDragging: 0
--- !u!114 &4389603592615835282
MonoBehaviour:
  m_ObjectHideFlags: 0
  m_CorrespondingSourceObject: {fileID: 0}
  m_PrefabInstance: {fileID: 0}
  m_PrefabAsset: {fileID: 0}
  m_GameObject: {fileID: 0}
  m_Enabled: 1
  m_EditorHideFlags: 0
  m_Script: {fileID: 11500000, guid: 986976f5717676c4d827ce96b22633ee, type: 3}
  m_Name: RoomNode
  m_EditorClassIdentifier: 
  id: 984325acc346e2948a86e81bafd3abb8
  parentRoomNodeIDList: []
  childRoomNodeIDList:
  - 0d70bcaf4ca7d0a42bcd8b5ff94623fa
  - f08d39e1df596eb4088da26095027f7b
  - a5ade23e9f9f60945863a294ec5fc06c
  roomNodeGraph: {fileID: 11400000}
  roomNodeType: {fileID: 11400000, guid: 0c5c5be768083ea41a84038e67253f0c, type: 2}
  roomNodeTypeList: {fileID: 11400000, guid: ccfbe950429ce494ba199fb4304b773d, type: 2}
  mRect:
    serializedVersion: 2
    x: 136
    y: 184
    width: 160
    height: 70
  isSelected: 0
  isLeftClickDragging: 0
--- !u!114 &4578032862830997163
MonoBehaviour:
  m_ObjectHideFlags: 0
  m_CorrespondingSourceObject: {fileID: 0}
  m_PrefabInstance: {fileID: 0}
  m_PrefabAsset: {fileID: 0}
  m_GameObject: {fileID: 0}
  m_Enabled: 1
  m_EditorHideFlags: 0
  m_Script: {fileID: 11500000, guid: 986976f5717676c4d827ce96b22633ee, type: 3}
  m_Name: RoomNode
  m_EditorClassIdentifier: 
  id: 37141220a9537994a92db973355ebbb7
  parentRoomNodeIDList:
  - 23c565fbf5324a5488239e8452753da0
  childRoomNodeIDList:
  - 0eb473688dc1f144bbcd6bd8c135552d
  roomNodeGraph: {fileID: 11400000}
  roomNodeType: {fileID: 11400000, guid: 09ade2db1c185334fb767523a93bddcc, type: 2}
  roomNodeTypeList: {fileID: 11400000, guid: ccfbe950429ce494ba199fb4304b773d, type: 2}
  mRect:
    serializedVersion: 2
    x: 793
    y: 557
    width: 160
    height: 70
  isSelected: 0
  isLeftClickDragging: 0
--- !u!114 &5177949623391541490
MonoBehaviour:
  m_ObjectHideFlags: 0
  m_CorrespondingSourceObject: {fileID: 0}
  m_PrefabInstance: {fileID: 0}
  m_PrefabAsset: {fileID: 0}
  m_GameObject: {fileID: 0}
  m_Enabled: 1
  m_EditorHideFlags: 0
  m_Script: {fileID: 11500000, guid: 986976f5717676c4d827ce96b22633ee, type: 3}
  m_Name: RoomNode
  m_EditorClassIdentifier: 
  id: 0a42762a7115c554dbfce3a5b687782d
  parentRoomNodeIDList:
  - f08d39e1df596eb4088da26095027f7b
  childRoomNodeIDList:
  - 2748b79a23519e344939b6c9faa98cda
  roomNodeGraph: {fileID: 11400000}
  roomNodeType: {fileID: 11400000, guid: 09ade2db1c185334fb767523a93bddcc, type: 2}
  roomNodeTypeList: {fileID: 11400000, guid: ccfbe950429ce494ba199fb4304b773d, type: 2}
  mRect:
    serializedVersion: 2
    x: 611
    y: 183
    width: 160
    height: 70
  isSelected: 0
  isLeftClickDragging: 0
--- !u!114 &7427652885808839888
MonoBehaviour:
  m_ObjectHideFlags: 0
  m_CorrespondingSourceObject: {fileID: 0}
  m_PrefabInstance: {fileID: 0}
  m_PrefabAsset: {fileID: 0}
  m_GameObject: {fileID: 0}
  m_Enabled: 1
  m_EditorHideFlags: 0
  m_Script: {fileID: 11500000, guid: 986976f5717676c4d827ce96b22633ee, type: 3}
  m_Name: RoomNode
  m_EditorClassIdentifier: 
  id: 23c565fbf5324a5488239e8452753da0
  parentRoomNodeIDList:
  - 87a7f6a6e022fde4abd5feac37fe209c
  childRoomNodeIDList:
  - 37141220a9537994a92db973355ebbb7
  roomNodeGraph: {fileID: 11400000}
  roomNodeType: {fileID: 11400000, guid: 0730caf37b98286419b939f74218c9b1, type: 2}
  roomNodeTypeList: {fileID: 11400000, guid: ccfbe950429ce494ba199fb4304b773d, type: 2}
  mRect:
    serializedVersion: 2
    x: 742
    y: 394
    width: 160
    height: 70
  isSelected: 0
  isLeftClickDragging: 0
